
@Article{AlbChi93,
  author =   {Albert, J. and Chib, S},
  title =    {{B}ayesian Analysis of Binary and Polychotomous Response Data},
  journal =  {Journal of the American Statistical Association},
  year =     {1993},
  volume =   {88},
  pages =    {669--679}
}

@Article{Andetal97a,
  author = {Andersson, S. A. and Madigan, D. and Perlman, M. D.},
  year = {1997},
  title = {A Characterization of Markov equivalence Classes for Acyclic Digraphs},
  journal = {The Annals of Statistics},
  volume = {25},
  pages = {505--541}
}

@Article{Andetal97b,
 author = {Andersson, S. A. and Madigan, D. and Perlman, M. D.},
 year = {1997},
 titlde = {On the Markov equivalence of Chain Graphs, Undirected Graphs, and Acyclic Digraphs},
 journal = {Scandinavian Journal of Statistics},
 volume = {24},
 pages = {81--102}
}

@TechReport{Bel07,
 author = {Belitz, C.},
 year = {2007},
 title = {Model Selection in Generalized Structured Additive Regression Models},
 note = {PhD Thesis, University of Munich}
}

@Article{BelLan08,
  author =       {Belitz, C. and Lang, S.},
  title =        {Simultaneous selection of variables and smoothing parameters in structured additive regression models},
  journal =      {Computational Statistics and Data Analysis},
  year =         {2008},
  volume =    {53},
  pages =     {61--81},
}

@Article{BesGreHig95,
  author =       {Besag, J. and Green, P. and Higdon, D. and Mengersen,K.},
  title =        {{B}ayesian Computation and Stochastic Systems},
  journal =      {Statistical Science},
  year =         {1995},
  volume =    {10},
  pages =     {3--66},
}

@Article{BesKoo95,
  author = {Besag, J. and Kooperberg, C.},
  title = {On conditional and intrinsic autoregressions},
  journal = {Biometrika},
  year = {1995},
  volume = {82},
  pages = {733--746}
}

@Article{BesYorMol91,
 author = {Besag, J. and York, J. and Molli{\'e}, A.},
 year = {1991},
 title = {{B}ayesian image restoration with two applications in spatial statistics},
 journal = {Annals of the Institute of Statistical Mathematics},
 volume = {43},
 pages = {1--59}
}

@Article{Bil00,
 author = {Biller, C.},
 year = {2000},
 title = {Adaptive {B}ayesian Regression Splines in Semiparametric Generalized Linear Models},
 journal = {Journal of Computational and Graphical Statistics},
 volume = {9},
 pages = {122--140}
}

@Article{BreLan06,
  author =   {Brezger, A. and Lang, S.},
  title =    {Generalized additive regression based on {B}ayesian {P}-splines},
  journal =  {Computational Statistics and Data Analysis},
  year =     {2006},
  volume =   {50},
  pages =    {967--991},
}

@Article{BreLan08,
 author = {Brezger, A. and Lang, S.},
 year = {2008},
 title = {Simultaneous Probability statements for Bayesian P-splines},
 journal = {Statistical Modelling},
 volume = {8},
 pages = {141--168}
}

\@Article{Bro98,
 author = {Brooks, S. P.},
 year = {1998},
 title = {Markov Chain Monte Carlo Method and its Application},
 journal = {The Statistician},
 volume = {47},
 pages = {69--100}
}

@Book{BurAnd98,
  author = {Burnham, K. P. and Anderson, D. R.},
  year = {2002},
  title = {Model Selection and Multimodal Inference (second edition)},
  publisher = {Springer Verlag}
}

%\harvarditem{Chambers \& Hastie}{1991}{ChaHas91}
% {\scshape Chambers, J. M. \& Hastie, T.} (1991).
% {\it Statistical Models in S.}
% Chapman and Hall.

%@InCollection{Cla96}
% {\scshape Clayton, D.} (1996).
% Generalized linear mixed models.
% In: Gilks, W., Richardson S. \& Spiegelhalter D. (eds.),
%{\it Markov Chain Monte Carlo in Practice}, 275--301.
% London: Chapman and Hall.

%\harvarditem{Chen \& Dey}{2000}{CheDey00}
% {\scshape Chen, M. H. \& Dey, D. K.} (2000).
% Bayesian Analysis for Correlated Ordinal Data Models.
% In: Dey, D. K., Ghosh, S. K. \& Mallick, B. K. (eds.),
% {\it Generalized linear models: A Bayesian perspective}, 133--159.
% Marcel Dekker, New York.

%\harvarditem{Chib \& Greenberg}{1995}{ChiGre95}
% {\scshape Chib, S. \& Greenberg, E.} (1995).
% Understanding the Metropolis-Hastings Algorithm.
% {\it The American Statistician}, {\bf 49}, 327--335.

%\harvarditem{Chickering}{1995}{Chi95}
% {\scshape Chickering, D. M.} (1995).
% A Transformational Characterization of Equivalent Bayesian Network Structures.
% In: Besnard, P. \& Hanks, S. (eds.),
% {\it Uncertainty in Artificial Intelligence, Proceedings of the Eleventh Conference},  87--98.
% San Francisco: Morgan Kaufmann.

@Article{EilMar96,
  author =   {Eilers, P. H. C. and Marx, B. D.},
  title =    { Flexible smoothing using {B}-splines and penalized likelihood},
  journal =      {Statistical Science},
  year =     {1996},
  volume =   {11},
  pages =    {89--121},
}

@Article{FahKneLan04,
  author =       {Fahrmeir, L. and Kneib, T. and Lang, S.},
  title =        {Penalized structured additive regression for space-time data: a {B}ayesian perspective},
  journal =      {Statistica Sinica},
  year =         {2004},
  volume =    {14},
  pages =     {731--761}
}

@Book{fahkne13,
 author = {Fahrmeir, L. and  Kneib, T. and Lang, S. and Marx, B.},
 year = {2013}
 title = {Regression: Models, Methods and Applications},
 publisher = {Springer-Verlag}
}

@Article{FahLan01a,
  author =       {Fahrmeir, L. and Lang, S.},
  title =        {{B}ayesian inference for generalized additive mixed models based on {M}arkov random field priors},
  journal =      {Applied Statistics},
  year =         {2001},
  volume =    {50},
  pages =     {201--220}
}

@Article{FahLan01b,
  author =       {Fahrmeir, L. and Lang, S.},
  title =        {{B}ayesian Semiparametric Regression Analysis of Multicategorical Time-Space Data},
  journal =      {Annals of the Institute of Statistical Mathematics},
  year =         {2001},
  volume =    {53},
  pages =     {11--30}
}

@Book{FahTut01,
  author =   {Fahrmeir, L. and Tutz, G.},
  year =     {2001},
  title =    {Multivariate Statistical Modelling Based on Generalized Linear Models (second edition)},
  publisher =    {Springer Verlag}
}

%\harvarditem{Fahrmeir \& Osuna}{2006}{FahOsu06}
% {\scshape Fahrmeir, L.\& Osuna, L.} (2006).
% Structured additive regression for overdispersed and zero-inflated count data.
% {\it Applied Stochastic Models in Business and Industry}, {\bf 22}, 351--369

%\harvarditem{Fronk \& Giudici}{2004}{FroGiu00}
% {\scshape Fronk, E.-M. \& Giudici, P.} (2004).
% Markov Chain Monte Carlo model selection for DAG Models.
% {\it Statistical Methods and Applications}, {\bf 13}, 259-273.

@Article{Gam97,
  author = {Gamerman, D.},
  title = {Efficient Sampling from the Posterior Distribution in Generalized Linear Mixed Models},
  journal = {Statistics and Computing},
  volume = {7},
  year = {1997},
  pages = {57--68}
}

% \harvarditem{Geiger \& Heckerman}{1994}{GeiHec94}
% {\scshape Geiger, D. \& Heckerman, D.} (1994).
% Learning Gaussian Networks.
% {\it Proceedings of the Tenth Conference on Uncertainty in Artificial Intelligence}, 235--243.

%\harvarditem{Geiger \& Heckerman}{1999}{GeiHec99}
% {\scshape Geiger, D. \& Heckerman, D.} (1999).
% Parameter priors for directed acyclic graphical models and the characterisation of several probability distributions.
% Submitted for publication.

%\harvarditem{Gelfand, Sahu \& Carlin}{1996}{GelSahCar96}
% {\scshape Gelfand, A. E., Sahu, S. K. \& Carlin, B. P.} (1996).
% Efficient Parametrizations for Genera\-lized Linear Mixed Models.
% In: Bernardo, J. M., Berger, J. O., Dawid, A. P. \& Smith, A. F. M. (eds.),
% {\it Bayesian Statistics 5}, 165--180.
% Oxford University Press.

@Book{GeoLiu81,
  author =   {George, A. and Liu, J. W.},
  title =    {Computer Solution of Large Sparse Positive Definite Systems},
  publisher =    {Prentice Hall},
  year =     {1981}
}

@Book{GilRicSpi96,
 author = {Gilks, W. R. and Richardson, S. and Spiegelhalter, D. J.},
 year = {1996},
 title = {Markov Chain Monte Carlo in Practice},
 publisher = {Chapman and Hall}
}

%\harvarditem{Giudici \& Green}{1999}{GiuGre99}
% {\scshape Giudici, P. \& Green, P. J.} (1999).
% Decomposable Graphical Gaussian Model Determination.
% {\it Biometrika}, {\bf 86}, 785--801.

%\harvarditem{Green}{1995}{Gre95}
% {\scshape Green, P. J.} (1995).
% Reversible Jump Markov Chain Monte Carlo Computation and Bayesian Model Determination.
% {\it Biometrika}, {\bf  82}, 711--32.

@incollection{Gre01,
  author = {Green, P. J.},
  title = {A Primer on {M}arkov Chain {M}onte {C}arlo},
  booktitle = {Complex Stochastic Systems},
  editor = {Barndorff-Nielsen, O.E. and Cox, D.R. and Kl{\"u}ppelberg, C.},
  publisher = {Chapman \& Hall / CRC},
  year = {2001},
  pages = {1--51}
}

@Book{GreSil94,
  author =    {Green, P. J. and Silverman, B. W.},
  title =     {Nonparametric Regression and Generalized Linear Models},
  publisher = {Chapman \& Hall / CRC},
  year =      {1994}
}

%\harvarditem{Griffin \& Brown}{2005}{GriBro05}
% {\scshape Griffin, J. E., and Brown, P. J.} (2005). Alternative prior distributions
% for variable selection with very many more variables than observations. Technical
% report, University of Warwick, Dept. of Statistics.

@Book{HasTib90,
  author = {Hastie, T. J. and Tibshirani, R. J.},
  title = {Generalized Additive Models},
  publisher = {Chapman \& Hall / CRC},
  year = {1990}
}

@Book{HasTibFri01,
  author = {Hastie, T. J. and Tibshirani, R. J. and Friedman, J.},
  title = {The Elements of Statistical Learning},
  publisher = {Springer Verlag},
  year = {2009}
}

%\harvarditem{Hastie \& Tibshirani}{1993}{HasTib93}
% {\scshape Hastie, T. \& Tibshirani, R.} (1993).
% Varying-coefficient Models.
% {\it Journal of the Royal Statistical Society B}, {\bf 55}, 757--796.

%\harvarditem{Hastie \& Tibshirani}{2000}{HasTib00}
% {\scshape Hastie, T. \& Tibshirani, R.} (2000).
% Bayesian Backfitting.
% {\it Statistical Science}, {\bf 15}, 193--223.

%\harvarditem{Hennerfeind, Brezger \& Fahrmeir}{2006}{HenBreFah06}
% {\scshape Hennerfeind, A., Brezger, A. \& Fahrmeir, L.} (2006).
% Geoadditive survival models.
% {\it Journal of the American Statistical Association}, {\bf 101}, 1065--1075.

@Article{IshRao05,
  author =   {Ishwaran, H. and Rao, S.L.},
  title =    {Spike and slab variable selection: frequentist and {B}ayesian strategies},
  year =     {2005},
  journal = {Annals of Statistics},
  volume = {33},
  pages = {730-773}
}

%\harvarditem{Kandala et al.}{2001}{Kanetal01}
% {\scshape Kandala, N. B., Lang, S., Klasen, S. and Fahrmeir, L.} (2001).
% Semiparametric Analysis of the Socio-Demographic and Spatial Determinants of Undernutrition in Two African Countries.
% {\it Research in Official Statistics}, {\bf 1}, 81--100.

@Article{kleknelan14a,
	author    	= 	{Klein, N. and Kneib, T. and Lang, S. and Sohn, A.},
	title     	= 	{{B}ayesian Structured Additive Distributional Regression with with an Application to Regional Income Inequality in {G}ermany},
	year      	= 	{2015},
	volume		= 	{9},
	pages 		= 	{1024--1052},
	journal 	= 	{Annals of Applied Statistics}
}

@Article{Kne06,
 author =  {Kneib, T.},
 year = {2006},
 title = {Geoadditive hazard regression for interval censored survival times},
 journal = {Computational Statistics \& Data Analysis},
 volume = {51},
 pages = {777--792}
}

@Article{{KneHen06,
 title = {Kneib, T. and Hennerfeind, A.},
 year = {2006},
 title = {Bayesian Semiparametric Multi-State Models},
 journal = {Statistical Modelling},
 volume = {8},
 pages = {169--198}
}
@Article{KneFah06,
  author =   {Kneib, T. and Fahrmeir, L.},
  title =    {Structured Additive Regression for Multicategorical Space-Time Data: A Mixed Model Approach},
  year =     {2006},
  journal = {Biometrics},
  volume = {62},
  pages = {109--118}
}

@Article{KneFah07,
  author =   {Kneib, T. and Fahrmeir, L.},
  title =    {A Mixed Model Approach for Geoadditive Hazard Regression},
  year =     {2007},
  journal = {Scandinavian Journal of Statistics},
  volume = {34},
  pages = {207--228}
}

@Article{Kne09,
  author =  {Fahrmeir, L. and Kneib, T. and Konrath, S.},
  title =   {Bayesian Regularisation in Structured Additive Regression: A Unifying Perspective on Shrinkage, Smoothing and Predictor Selection},
  journal = {Statistics and Computing},
  year =    {2010},
  volume =  {20},
  pages =   {203--219}
}

%\harvarditem{Knorr-Held}{1999}{KnoHel99}
% {\scshape Knorr-Held, L.} (1999).
% Conditional Prior Proposals in Dynamic Models.
% {\it Scandinavian Journal of Statistics}, {\bf 26}, 129--144.

\harvarditem{Konrath et al.}{2008}{Kon08}
 {\scshape Konrath, S., Kneib, T., Fahrmeir, L.} (2008). Bayesian Regularisation
 in Structured Additive Regression Models for Survival Data. Department of Statistics,
 Technical Report No.35, LMU Munich.

@Article{krikne10,
	author    	= 	{Krivobokova, T. and Kneib, T. and Claeskens, G.},
	title     	= 	{Simultaneous Confidence Bands for Penalized Spline Estimators},
	journal 	= 	{Journal of the American Statistical Association},
	year      	= 	{2010},
	volume		= 	{105},
	pages 		= 	{852--863}
}

@Article{LanBre04,
  author =       {Lang, S. and Brezger, A. },
  title =        {{B}ayesian {P}-Splines},
  journal = {Journal of Computational and Graphical Statistics},
  year =         {2004},
  volume= {13},
  pages = {183--212}
}

@article{LanUml14,
	title 		= 	{Multilevel Structured Additive Regression},
	author 		= 	{Lang, S. and Umlauf, N. and Wechselberger, P. and Harttgen, K. and Kneib, T.},
	year 		= 	{2014},
	journal 	= 	{Statistics and Computing},
	volume		= 	{24},
	pages 		=   {223--238}
}

%\harvarditem{Lauritzen}{1996}{Lau96}
% {\scshape Lauritzen, S. L.} (1996).
% {\it Graphical Models},
% Clarendon Press, Oxford.

@Article{LinZha99,
  author =  {Lin, X. and Zhang, D.},
  title =   {Inference in generalized additive mixed models by using smoothing splines.},
  journal = {Journal of the Royal Statistical Society B},
  year =    {1999},
  volume =  {61},
  pages =   {381--400}
}

@Book{MccNel89,
  author =    {McCullagh, P. and Nelder, J. A.},
  year =      {1989},
  title =     {Generalized Linear Models},
  publisher = {Chapman \& Hall / CRC}
}

%\harvarditem{Osuna}{2004}{Osu04}
% {\scshape Osuna, L.} (2004)
% {\it Semiparametric Bayesian Count Data Models}.
% Dr. Hut Verlag, M{\"u}nchen.

@Article{ParCas08,
  author =  {Park, T. and Casella, G.},
  title =   {The {B}ayesian Lasso},
  journal = {Journal of the American Statistical Association},
  year =    {2008},
  volume =  {103},
  pages =   {681--686}
}

@Article{Rue01,
  author =  {Rue, H.},
  year =    {2001},
  title =   {Fast sampling of {G}aussian {M}arkov random fields with applications},
  journal = {Journal of the Royal Statistical Society, Series B},
  volume =  {63},
  pages =   {325--338}
}

%\harvarditem{Tierney}{1983}{Tie83}
% {\scshape Tierney, L.} (1983).
% A space-efficient recursive procedure for estimating a quantile of an unknown distribution.
% {\it SIAM Journal on Scientific and Statistical Computing}, {\bf 4}, 706--11.

@Article{SpiBesCar02,
  author =  {Spiegelhalter, D. J. and Best, N. G. and Carlin, B. P. and {van der Linde}, A.},
  title =   {Bayesian measures of model complexity and fit.},
  journal = {Journal of the Royal Statistical Society, Series B},
  year =    {2002},
  volume =  {64},
  pages =   {583--639}
}

@Book{Woo06a,
  author =    {Wood, S. N.},
  title =     {Generalized Additive Models: An Introduction with {R}},
  publisher = {Chapman \& Hall / CRC},
  year =      {2006}
}

@Article{Woo06b,
 author = {Wood, S. N.},
 year = {2006},
 title = {On confidence intervals for GAMs based on penalized regression splines},
 journal = {Australian and New Zealand Journal of Statistics},
 volume = {48},
 pages = {445--464}
}
